%YAML 1.1
%TAG !u! tag:unity3d.com,2011:
--- !u!29 &1
OcclusionCullingSettings:
  m_ObjectHideFlags: 0
  serializedVersion: 2
  m_OcclusionBakeSettings:
    smallestOccluder: 5
    smallestHole: 0.25
    backfaceThreshold: 100
  m_SceneGUID: 00000000000000000000000000000000
  m_OcclusionCullingData: {fileID: 0}
--- !u!104 &2
RenderSettings:
  m_ObjectHideFlags: 0
  serializedVersion: 8
  m_Fog: 0
  m_FogColor: {r: 0.5, g: 0.5, b: 0.5, a: 1}
  m_FogMode: 3
  m_FogDensity: 0.01
  m_LinearFogStart: 0
  m_LinearFogEnd: 300
  m_AmbientSkyColor: {r: 0.212, g: 0.227, b: 0.259, a: 1}
  m_AmbientEquatorColor: {r: 0.114, g: 0.125, b: 0.133, a: 1}
  m_AmbientGroundColor: {r: 0.047, g: 0.043, b: 0.035, a: 1}
  m_AmbientIntensity: 1
  m_AmbientMode: 0
  m_SubtractiveShadowColor: {r: 0.42, g: 0.478, b: 0.627, a: 1}
  m_SkyboxMaterial: {fileID: 10304, guid: 0000000000000000f000000000000000, type: 0}
  m_HaloStrength: 0.5
  m_FlareStrength: 1
  m_FlareFadeSpeed: 3
  m_HaloTexture: {fileID: 0}
  m_SpotCookie: {fileID: 10001, guid: 0000000000000000e000000000000000, type: 0}
  m_DefaultReflectionMode: 0
  m_DefaultReflectionResolution: 128
  m_ReflectionBounces: 1
  m_ReflectionIntensity: 1
  m_CustomReflection: {fileID: 0}
  m_Sun: {fileID: 0}
  m_IndirectSpecularColor: {r: 0.44657844, g: 0.49641222, b: 0.57481694, a: 1}
--- !u!157 &3
LightmapSettings:
  m_ObjectHideFlags: 0
  serializedVersion: 11
  m_GIWorkflowMode: 0
  m_GISettings:
    serializedVersion: 2
    m_BounceScale: 1
    m_IndirectOutputScale: 1
    m_AlbedoBoost: 1
    m_TemporalCoherenceThreshold: 1
    m_EnvironmentLightingMode: 0
    m_EnableBakedLightmaps: 1
    m_EnableRealtimeLightmaps: 1
  m_LightmapEditorSettings:
    serializedVersion: 9
    m_Resolution: 2
    m_BakeResolution: 40
    m_TextureWidth: 1024
    m_TextureHeight: 1024
    m_AO: 0
    m_AOMaxDistance: 1
    m_CompAOExponent: 1
    m_CompAOExponentDirect: 0
    m_Padding: 2
    m_LightmapParameters: {fileID: 0}
    m_LightmapsBakeMode: 1
    m_TextureCompression: 1
    m_FinalGather: 0
    m_FinalGatherFiltering: 1
    m_FinalGatherRayCount: 256
    m_ReflectionCompression: 2
    m_MixedBakeMode: 2
    m_BakeBackend: 0
    m_PVRSampling: 1
    m_PVRDirectSampleCount: 32
    m_PVRSampleCount: 500
    m_PVRBounces: 2
    m_PVRFiltering: 0
    m_PVRFilteringMode: 1
    m_PVRCulling: 1
    m_PVRFilteringGaussRadiusDirect: 1
    m_PVRFilteringGaussRadiusIndirect: 5
    m_PVRFilteringGaussRadiusAO: 2
    m_PVRFilteringAtrousColorSigma: 1
    m_PVRFilteringAtrousNormalSigma: 1
    m_PVRFilteringAtrousPositionSigma: 1
  m_LightingDataAsset: {fileID: 0}
  m_UseShadowmask: 1
--- !u!196 &4
NavMeshSettings:
  serializedVersion: 2
  m_ObjectHideFlags: 0
  m_BuildSettings:
    serializedVersion: 2
    agentTypeID: 0
    agentRadius: 0.5
    agentHeight: 2
    agentSlope: 45
    agentClimb: 0.4
    ledgeDropHeight: 0
    maxJumpAcrossDistance: 0
    minRegionArea: 2
    manualCellSize: 0
    cellSize: 0.16666667
    manualTileSize: 0
    tileSize: 256
    accuratePlacement: 0
  m_NavMeshData: {fileID: 0}
--- !u!4 &225625997 stripped
Transform:
  m_PrefabParentObject: {fileID: 4995201490870254, guid: 351c6cba829152643adab5d6cd9d07b9,
    type: 2}
  m_PrefabInternal: {fileID: 676832670}
--- !u!1001 &366899929
Prefab:
  m_ObjectHideFlags: 0
  serializedVersion: 2
  m_Modification:
    m_TransformParent: {fileID: 0}
    m_Modifications:
    - target: {fileID: 4791702354751252, guid: 390216fb4b0056a429977320aa74bbcd, type: 2}
      propertyPath: m_LocalPosition.x
      value: 0
      objectReference: {fileID: 0}
    - target: {fileID: 4791702354751252, guid: 390216fb4b0056a429977320aa74bbcd, type: 2}
      propertyPath: m_LocalPosition.y
      value: 0
      objectReference: {fileID: 0}
    - target: {fileID: 4791702354751252, guid: 390216fb4b0056a429977320aa74bbcd, type: 2}
      propertyPath: m_LocalPosition.z
      value: 0
      objectReference: {fileID: 0}
    - target: {fileID: 4791702354751252, guid: 390216fb4b0056a429977320aa74bbcd, type: 2}
      propertyPath: m_LocalRotation.x
      value: 0
      objectReference: {fileID: 0}
    - target: {fileID: 4791702354751252, guid: 390216fb4b0056a429977320aa74bbcd, type: 2}
      propertyPath: m_LocalRotation.y
      value: 0
      objectReference: {fileID: 0}
    - target: {fileID: 4791702354751252, guid: 390216fb4b0056a429977320aa74bbcd, type: 2}
      propertyPath: m_LocalRotation.z
      value: 0
      objectReference: {fileID: 0}
    - target: {fileID: 4791702354751252, guid: 390216fb4b0056a429977320aa74bbcd, type: 2}
      propertyPath: m_LocalRotation.w
      value: 1
      objectReference: {fileID: 0}
    - target: {fileID: 4791702354751252, guid: 390216fb4b0056a429977320aa74bbcd, type: 2}
      propertyPath: m_RootOrder
      value: 0
      objectReference: {fileID: 0}
    m_RemovedComponents: []
  m_ParentPrefab: {fileID: 100100000, guid: 390216fb4b0056a429977320aa74bbcd, type: 2}
  m_IsPrefabParent: 0
--- !u!1001 &408756757
Prefab:
  m_ObjectHideFlags: 0
  serializedVersion: 2
  m_Modification:
    m_TransformParent: {fileID: 1526032459}
    m_Modifications:
    - target: {fileID: 4796971689967708, guid: f29c47e3069703444b30446ca34c2c5a, type: 2}
      propertyPath: m_LocalPosition.x
      value: 5.95
      objectReference: {fileID: 0}
    - target: {fileID: 4796971689967708, guid: f29c47e3069703444b30446ca34c2c5a, type: 2}
      propertyPath: m_LocalPosition.y
      value: 0
      objectReference: {fileID: 0}
    - target: {fileID: 4796971689967708, guid: f29c47e3069703444b30446ca34c2c5a, type: 2}
      propertyPath: m_LocalPosition.z
      value: 0
      objectReference: {fileID: 0}
    - target: {fileID: 4796971689967708, guid: f29c47e3069703444b30446ca34c2c5a, type: 2}
      propertyPath: m_LocalRotation.x
      value: -0
      objectReference: {fileID: 0}
    - target: {fileID: 4796971689967708, guid: f29c47e3069703444b30446ca34c2c5a, type: 2}
      propertyPath: m_LocalRotation.y
      value: -0
      objectReference: {fileID: 0}
    - target: {fileID: 4796971689967708, guid: f29c47e3069703444b30446ca34c2c5a, type: 2}
      propertyPath: m_LocalRotation.z
      value: -0
      objectReference: {fileID: 0}
    - target: {fileID: 4796971689967708, guid: f29c47e3069703444b30446ca34c2c5a, type: 2}
      propertyPath: m_LocalRotation.w
      value: 1
      objectReference: {fileID: 0}
    - target: {fileID: 4796971689967708, guid: f29c47e3069703444b30446ca34c2c5a, type: 2}
      propertyPath: m_RootOrder
      value: 4
      objectReference: {fileID: 0}
    m_RemovedComponents: []
  m_ParentPrefab: {fileID: 100100000, guid: f29c47e3069703444b30446ca34c2c5a, type: 2}
  m_IsPrefabParent: 0
--- !u!4 &408756758 stripped
Transform:
  m_PrefabParentObject: {fileID: 4796971689967708, guid: f29c47e3069703444b30446ca34c2c5a,
    type: 2}
  m_PrefabInternal: {fileID: 408756757}
--- !u!1001 &676832670
Prefab:
  m_ObjectHideFlags: 0
  serializedVersion: 2
  m_Modification:
    m_TransformParent: {fileID: 1526032459}
    m_Modifications:
    - target: {fileID: 4995201490870254, guid: 351c6cba829152643adab5d6cd9d07b9, type: 2}
      propertyPath: m_LocalPosition.x
      value: 2.97
      objectReference: {fileID: 0}
    - target: {fileID: 4995201490870254, guid: 351c6cba829152643adab5d6cd9d07b9, type: 2}
      propertyPath: m_LocalPosition.y
      value: 5.57
      objectReference: {fileID: 0}
    - target: {fileID: 4995201490870254, guid: 351c6cba829152643adab5d6cd9d07b9, type: 2}
      propertyPath: m_LocalPosition.z
      value: -6.7799997
      objectReference: {fileID: 0}
    - target: {fileID: 4995201490870254, guid: 351c6cba829152643adab5d6cd9d07b9, type: 2}
      propertyPath: m_LocalRotation.x
      value: 0.410878
      objectReference: {fileID: 0}
    - target: {fileID: 4995201490870254, guid: 351c6cba829152643adab5d6cd9d07b9, type: 2}
      propertyPath: m_LocalRotation.y
      value: -0
      objectReference: {fileID: 0}
    - target: {fileID: 4995201490870254, guid: 351c6cba829152643adab5d6cd9d07b9, type: 2}
      propertyPath: m_LocalRotation.z
      value: -0
      objectReference: {fileID: 0}
    - target: {fileID: 4995201490870254, guid: 351c6cba829152643adab5d6cd9d07b9, type: 2}
      propertyPath: m_LocalRotation.w
      value: 0.91169035
      objectReference: {fileID: 0}
    - target: {fileID: 4995201490870254, guid: 351c6cba829152643adab5d6cd9d07b9, type: 2}
      propertyPath: m_RootOrder
      value: 0
      objectReference: {fileID: 0}
    m_RemovedComponents: []
  m_ParentPrefab: {fileID: 100100000, guid: 351c6cba829152643adab5d6cd9d07b9, type: 2}
  m_IsPrefabParent: 0
--- !u!4 &944195352 stripped
Transform:
  m_PrefabParentObject: {fileID: 4226352490436102, guid: cb1a80064e5607e459f58218fa06b1d3,
    type: 2}
  m_PrefabInternal: {fileID: 1226420167}
--- !u!1001 &1127849181
Prefab:
  m_ObjectHideFlags: 0
  serializedVersion: 2
  m_Modification:
    m_TransformParent: {fileID: 1526032459}
    m_Modifications:
    - target: {fileID: 4901058296100220, guid: 679f86a51c6466c43bbfdfca95acff72, type: 2}
      propertyPath: m_LocalPosition.x
      value: 0
      objectReference: {fileID: 0}
    - target: {fileID: 4901058296100220, guid: 679f86a51c6466c43bbfdfca95acff72, type: 2}
      propertyPath: m_LocalPosition.y
      value: 0
      objectReference: {fileID: 0}
    - target: {fileID: 4901058296100220, guid: 679f86a51c6466c43bbfdfca95acff72, type: 2}
      propertyPath: m_LocalPosition.z
      value: 0
      objectReference: {fileID: 0}
    - target: {fileID: 4901058296100220, guid: 679f86a51c6466c43bbfdfca95acff72, type: 2}
      propertyPath: m_LocalRotation.x
      value: -0
      objectReference: {fileID: 0}
    - target: {fileID: 4901058296100220, guid: 679f86a51c6466c43bbfdfca95acff72, type: 2}
      propertyPath: m_LocalRotation.y
      value: -0
      objectReference: {fileID: 0}
    - target: {fileID: 4901058296100220, guid: 679f86a51c6466c43bbfdfca95acff72, type: 2}
      propertyPath: m_LocalRotation.z
      value: -0
      objectReference: {fileID: 0}
    - target: {fileID: 4901058296100220, guid: 679f86a51c6466c43bbfdfca95acff72, type: 2}
      propertyPath: m_LocalRotation.w
      value: 1
      objectReference: {fileID: 0}
    - target: {fileID: 4901058296100220, guid: 679f86a51c6466c43bbfdfca95acff72, type: 2}
      propertyPath: m_RootOrder
      value: 2
      objectReference: {fileID: 0}
    m_RemovedComponents: []
  m_ParentPrefab: {fileID: 100100000, guid: 679f86a51c6466c43bbfdfca95acff72, type: 2}
  m_IsPrefabParent: 0
--- !u!4 &1127849182 stripped
Transform:
  m_PrefabParentObject: {fileID: 4901058296100220, guid: 679f86a51c6466c43bbfdfca95acff72,
    type: 2}
  m_PrefabInternal: {fileID: 1127849181}
--- !u!1001 &1220287965
Prefab:
  m_ObjectHideFlags: 0
  serializedVersion: 2
  m_Modification:
    m_TransformParent: {fileID: 1526032459}
    m_Modifications:
    - target: {fileID: 4187063494514900, guid: 6f9e0a16446e6874ab79499e16dee58d, type: 2}
      propertyPath: m_LocalPosition.x
      value: 2.97
      objectReference: {fileID: 0}
    - target: {fileID: 4187063494514900, guid: 6f9e0a16446e6874ab79499e16dee58d, type: 2}
      propertyPath: m_LocalPosition.y
      value: 0
      objectReference: {fileID: 0}
    - target: {fileID: 4187063494514900, guid: 6f9e0a16446e6874ab79499e16dee58d, type: 2}
      propertyPath: m_LocalPosition.z
      value: 0
      objectReference: {fileID: 0}
    - target: {fileID: 4187063494514900, guid: 6f9e0a16446e6874ab79499e16dee58d, type: 2}
      propertyPath: m_LocalRotation.x
      value: -0
      objectReference: {fileID: 0}
    - target: {fileID: 4187063494514900, guid: 6f9e0a16446e6874ab79499e16dee58d, type: 2}
      propertyPath: m_LocalRotation.y
      value: -0
      objectReference: {fileID: 0}
    - target: {fileID: 4187063494514900, guid: 6f9e0a16446e6874ab79499e16dee58d, type: 2}
      propertyPath: m_LocalRotation.z
      value: -0
      objectReference: {fileID: 0}
    - target: {fileID: 4187063494514900, guid: 6f9e0a16446e6874ab79499e16dee58d, type: 2}
      propertyPath: m_LocalRotation.w
      value: 1
      objectReference: {fileID: 0}
    - target: {fileID: 4187063494514900, guid: 6f9e0a16446e6874ab79499e16dee58d, type: 2}
      propertyPath: m_RootOrder
      value: 3
      objectReference: {fileID: 0}
    m_RemovedComponents: []
  m_ParentPrefab: {fileID: 100100000, guid: 6f9e0a16446e6874ab79499e16dee58d, type: 2}
  m_IsPrefabParent: 0
--- !u!4 &1220287966 stripped
Transform:
  m_PrefabParentObject: {fileID: 4187063494514900, guid: 6f9e0a16446e6874ab79499e16dee58d,
    type: 2}
  m_PrefabInternal: {fileID: 1220287965}
--- !u!1001 &1226420167
Prefab:
  m_ObjectHideFlags: 0
  serializedVersion: 2
  m_Modification:
    m_TransformParent: {fileID: 1526032459}
    m_Modifications:
    - target: {fileID: 4226352490436102, guid: cb1a80064e5607e459f58218fa06b1d3, type: 2}
      propertyPath: m_LocalPosition.x
      value: 2.97
      objectReference: {fileID: 0}
    - target: {fileID: 4226352490436102, guid: cb1a80064e5607e459f58218fa06b1d3, type: 2}
      propertyPath: m_LocalPosition.y
      value: 3
      objectReference: {fileID: 0}
    - target: {fileID: 4226352490436102, guid: cb1a80064e5607e459f58218fa06b1d3, type: 2}
      propertyPath: m_LocalPosition.z
      value: -0.099999905
      objectReference: {fileID: 0}
    - target: {fileID: 4226352490436102, guid: cb1a80064e5607e459f58218fa06b1d3, type: 2}
      propertyPath: m_LocalRotation.x
      value: 0.40821788
      objectReference: {fileID: 0}
    - target: {fileID: 4226352490436102, guid: cb1a80064e5607e459f58218fa06b1d3, type: 2}
      propertyPath: m_LocalRotation.y
      value: -0.23456968
      objectReference: {fileID: 0}
    - target: {fileID: 4226352490436102, guid: cb1a80064e5607e459f58218fa06b1d3, type: 2}
      propertyPath: m_LocalRotation.z
      value: 0.10938163
      objectReference: {fileID: 0}
    - target: {fileID: 4226352490436102, guid: cb1a80064e5607e459f58218fa06b1d3, type: 2}
      propertyPath: m_LocalRotation.w
      value: 0.8754261
      objectReference: {fileID: 0}
    - target: {fileID: 4226352490436102, guid: cb1a80064e5607e459f58218fa06b1d3, type: 2}
      propertyPath: m_RootOrder
      value: 1
      objectReference: {fileID: 0}
    - target: {fileID: 4226352490436102, guid: cb1a80064e5607e459f58218fa06b1d3, type: 2}
      propertyPath: m_LocalScale.y
      value: 1
      objectReference: {fileID: 0}
    - target: {fileID: 4226352490436102, guid: cb1a80064e5607e459f58218fa06b1d3, type: 2}
      propertyPath: m_LocalScale.z
      value: 1
      objectReference: {fileID: 0}
    m_RemovedComponents: []
  m_ParentPrefab: {fileID: 100100000, guid: cb1a80064e5607e459f58218fa06b1d3, type: 2}
  m_IsPrefabParent: 0
--- !u!1001 &1348910016
Prefab:
  m_ObjectHideFlags: 0
  serializedVersion: 2
  m_Modification:
    m_TransformParent: {fileID: 0}
    m_Modifications:
    - target: {fileID: 224792098368203418, guid: 725e9b4263179eb4ca51790a0fb7e398,
        type: 2}
      propertyPath: m_LocalPosition.x
      value: 0
      objectReference: {fileID: 0}
    - target: {fileID: 224792098368203418, guid: 725e9b4263179eb4ca51790a0fb7e398,
        type: 2}
      propertyPath: m_LocalPosition.y
      value: 0
      objectReference: {fileID: 0}
    - target: {fileID: 224792098368203418, guid: 725e9b4263179eb4ca51790a0fb7e398,
        type: 2}
      propertyPath: m_LocalPosition.z
      value: 0
      objectReference: {fileID: 0}
    - target: {fileID: 224792098368203418, guid: 725e9b4263179eb4ca51790a0fb7e398,
        type: 2}
      propertyPath: m_LocalRotation.x
      value: 0
      objectReference: {fileID: 0}
    - target: {fileID: 224792098368203418, guid: 725e9b4263179eb4ca51790a0fb7e398,
        type: 2}
      propertyPath: m_LocalRotation.y
      value: 0
      objectReference: {fileID: 0}
    - target: {fileID: 224792098368203418, guid: 725e9b4263179eb4ca51790a0fb7e398,
        type: 2}
      propertyPath: m_LocalRotation.z
      value: 0
      objectReference: {fileID: 0}
    - target: {fileID: 224792098368203418, guid: 725e9b4263179eb4ca51790a0fb7e398,
        type: 2}
      propertyPath: m_LocalRotation.w
      value: 1
      objectReference: {fileID: 0}
    - target: {fileID: 224792098368203418, guid: 725e9b4263179eb4ca51790a0fb7e398,
        type: 2}
      propertyPath: m_RootOrder
      value: 2
      objectReference: {fileID: 0}
    - target: {fileID: 224792098368203418, guid: 725e9b4263179eb4ca51790a0fb7e398,
        type: 2}
      propertyPath: m_AnchoredPosition.x
      value: 0
      objectReference: {fileID: 0}
    - target: {fileID: 224792098368203418, guid: 725e9b4263179eb4ca51790a0fb7e398,
        type: 2}
      propertyPath: m_AnchoredPosition.y
      value: 0
      objectReference: {fileID: 0}
    - target: {fileID: 224792098368203418, guid: 725e9b4263179eb4ca51790a0fb7e398,
        type: 2}
      propertyPath: m_SizeDelta.x
      value: 0
      objectReference: {fileID: 0}
    - target: {fileID: 224792098368203418, guid: 725e9b4263179eb4ca51790a0fb7e398,
        type: 2}
      propertyPath: m_SizeDelta.y
      value: 0
      objectReference: {fileID: 0}
    - target: {fileID: 224792098368203418, guid: 725e9b4263179eb4ca51790a0fb7e398,
        type: 2}
      propertyPath: m_AnchorMin.x
      value: 0
      objectReference: {fileID: 0}
    - target: {fileID: 224792098368203418, guid: 725e9b4263179eb4ca51790a0fb7e398,
        type: 2}
      propertyPath: m_AnchorMin.y
      value: 0
      objectReference: {fileID: 0}
    - target: {fileID: 224792098368203418, guid: 725e9b4263179eb4ca51790a0fb7e398,
        type: 2}
      propertyPath: m_AnchorMax.x
      value: 0
      objectReference: {fileID: 0}
    - target: {fileID: 224792098368203418, guid: 725e9b4263179eb4ca51790a0fb7e398,
        type: 2}
      propertyPath: m_AnchorMax.y
      value: 0
      objectReference: {fileID: 0}
    - target: {fileID: 224792098368203418, guid: 725e9b4263179eb4ca51790a0fb7e398,
        type: 2}
      propertyPath: m_Pivot.x
      value: 0
      objectReference: {fileID: 0}
    - target: {fileID: 224792098368203418, guid: 725e9b4263179eb4ca51790a0fb7e398,
        type: 2}
      propertyPath: m_Pivot.y
      value: 0
      objectReference: {fileID: 0}
    m_RemovedComponents: []
  m_ParentPrefab: {fileID: 100100000, guid: 725e9b4263179eb4ca51790a0fb7e398, type: 2}
  m_IsPrefabParent: 0
--- !u!1 &1526032458
GameObject:
  m_ObjectHideFlags: 0
  m_PrefabParentObject: {fileID: 0}
  m_PrefabInternal: {fileID: 0}
  serializedVersion: 5
  m_Component:
  - component: {fileID: 1526032459}
  m_Layer: 0
  m_Name: SceneObjects
  m_TagString: Untagged
  m_Icon: {fileID: 0}
  m_NavMeshLayer: 0
  m_StaticEditorFlags: 0
  m_IsActive: 1
--- !u!4 &1526032459
Transform:
  m_ObjectHideFlags: 0
  m_PrefabParentObject: {fileID: 0}
  m_PrefabInternal: {fileID: 0}
  m_GameObject: {fileID: 1526032458}
  m_LocalRotation: {x: 0, y: 0, z: 0, w: 1}
  m_LocalPosition: {x: -2.97, y: 0, z: 0.099999905}
  m_LocalScale: {x: 1, y: 1, z: 1}
  m_Children:
  - {fileID: 225625997}
  - {fileID: 944195352}
  - {fileID: 1127849182}
  - {fileID: 1220287966}
  - {fileID: 408756758}
  m_Father: {fileID: 0}
  m_RootOrder: 1
  m_LocalEulerAnglesHint: {x: 0, y: 0, z: 0}
